
@book{josuttis2012c++,
  title={The C++ standard library: a tutorial and reference},
  author={Josuttis, Nicolai M},
  year={2012},
  publisher={Addison-Wesley}
}

@book{muschko2014gradle,
  title={Gradle in action},
  author={Muschko, Benjamin},
  year={2014},
  publisher={Manning}
}
@book{walls2005spring,
  title={Spring in action},
  author={Walls, Craig and Breidenbach, Ryan},
  year={2005},
  publisher={Dreamtech Press}
}

@book{kusswurm2014modern,
  title={Modern X86 Assembly Language Programming: 32-bit, 64-bit, SSE, and AVX},
  author={Kusswurm, Daniel},
  year={2014},
  publisher={Apress}
}